@book{marco,
  title={Probabilidade e vari{\'a}veis aleat{\'o}rias},
  author={Magalh{\~a}es, Marcos Nascimento},
  year={2015},
  publisher={Edusp},
  address={S{\~a}o Paulo}
}

@book{casella,
  title={Statistical inference},
  author={Casella, George and Berger, Roger L},
  year={2002},
  publisher={Duxbury},
  address={Pacific Grove}
}

@article{lima2019curso,
  title={Curso de An{\'a}lise vol. 1--15{\textordfeminine} edi{\c{c}}{\~a}o},
  author={Lima, Elon Lages},
  journal={Rio de Janeiro: IMPA--Projeto Euclides},
  year={2019}
}



